@misc{ACCME2017A,
  author       = {{Accreditation Council for Continuing Medical Education and American Medical Education}},
  title        = {{AMA}/{ACCME} glossary of terms and definitions},
  month        = {April},
  year         = {2017},
  howpublished = {\url{https://www.ama-assn.org/sites/ama-assn.org/files/corp/media-browser/public/physicians/cme/ama-accme-glossary-terms.pdf}},
  note         = {Accessed: 10 November 2020}
}

@incollection{Crompton2013A,
  author    = {Helen Crompton},
  title     = {A historical overview of mobile learning: toward learner-centered education},
  booktitle = {Handbook of mobile learning},
  editor    = {Zane L. Berge and Lin Y. Muilenburg},
  month     = {April},
  year      = {2013},
  pages     = {3-14},
  publisher = {Routledge},
  address   = {New York (NY), USA}, 
  chapter   = {1},
  edition   = {1},
  isbn      = {9780415503693},
  doi       = {10.4324/9780203118764.ch1}
}

@misc{EuropeanCommission2020A,
  author       = {{European Commission}},
  title        = {Coronavirus: online learning resources},
  year         = {2020},
  howpublished = {\url{https://ec.europa.eu/education/resources-and-tools/coronavirus-online-learning-resources_en}},
  note         = {Accessed: 10 November 2020}
}

@book{Garrison2011A,
  author    = {Donn Randy Garrison},
  title     = {E-learning in the 21st century: a framework for research and practice},
  publisher = {Routledge},
  address   = {New York (NY), USA},
  year      = {2011},
  pages     = {184},
  edition   = {2},
  isbn      = {9780415885829}
}

@inproceedings{Johnston2013A,
  author    = {Semay Johnston and Luc Renambot and Daniel Sauter},
  title     = {Employing {W}eb{GL} to develop interactive stereoscopic {3D} content for use in biomedical visualization},
  booktitle = {Proceedings SPIE 8649, The Engineering Reality of Virtual Reality 2013},
  editor    = {Margaret Dolinsky and Ian E. McDowall},
  publisher = {SPIE},
  address   = {Burlingame, California, USA},
  note      = {Held on 4-5 February 2013},
  volume    = {8649},
  month     = {March},
  year      = {2013},
  pages     = {86490501-86490515},
  doi       = {10.1117/12.2007594}
}

@mastersthesis{Malinowski2003A,
  author    = {Robert Malinowski},
  title     = {{3D K9}: {U}sing {Q}uicktime {VR} to teach veterinary anatomy},
  school    = {Michigan State University, Department of Telecommunication},
  year      = {2003}
}

@manual{R2008A,
  author    = {{R Development Core Team}},
  title     = {R: a language environment for statistical computing},
  organization = {R Foundation for Statistical Computing},
  address   = {Vienna, Austria},
  year      = {2008},
  isbn      = {3-900051-07-0},
  url       = {http://www.R-project.org}
}

@article{Ruiz2011A,
  author    = {Marc Ruiz and Anton Bardera and Imma Boada and Ivan Viola and Miquel Feixas and Mateu Sbert},
  title     = {Automatic transfer functions based on informational divergence},
  journal   = {IEEE Transactions on Visualization and Computer Graphics},
  volume    = {17},
  number    = {12},
  month     = {December},
  year      = {2011},
  pages     = {1932-1941},
  keywords  = {Transfer function; Information theory; Informational divergence; Kullback-Leibler distance},
  issn      = {1941-0506},
  doi       = {https://doi.org/10.1109/TVCG.2011.173}
}

@phdthesis{Tawfiek2011A,
  author    = {Mohamed Gomaa Tawfiek},
  title     = {Preparation of audiovisual aids for use in teaching veterinary anatomy},
  school    = {Faculty of Veterinary Medicine, Beni-Suef University, Egypt},
  year      = {2011},
  month     = {May},
  doi       = {10.13140/RG.2.1.4962.0565}
}
